@inproceedings{Gondchawar2016IoTBS,
  title={IoT based Smart Agriculture},
  author={Nikesh Gondchawar and R. S. Kawitkar},
  year={2016}
}

@article{GonzlezDeSantos2017FleetsOR,
  title={Fleets of robots for environmentally-safe pest control in agriculture},
  author={Pablo Gonz{\'a}lez-De-Santos and Angela Ribeiro and C{\'e}sar Fern{\'a}ndez-Quintanilla and Francisca L{\'o}pez-Granados and Michael Brandstoetter and Slobodanka Dana Kathrin Tomic and Stefania Pedrazzi and Andrea Peruzzi and Gonzalo Pajares and George Kaplanis and Manuel P{\'e}rez-Ruiz and Constantino Valero and Jaime del Cerro and Marco Vieri and Gilles Rabatel and Benoit Debilde},
  journal={Precision Agriculture},
  year={2017},
  volume={18},
  pages={574-614}
}

@inproceedings{7793638,
  author={Blender, Timo and Buchner, Thiemo and Fernandez, Benjamin and Pichlmaier, Benno and Schlegel, Christian},
  booktitle={IECON 2016 - 42nd Annual Conference of the IEEE Industrial Electronics Society}, 
  title={Managing a Mobile Agricultural Robot Swarm for a seeding task}, 
  year={2016},
  volume={},
  number={},
  pages={6879-6886},
  doi={10.1109/IECON.2016.7793638}
}

@article{9374808,
  author={Friha, Othmane and Ferrag, Mohamed Amine and Shu, Lei and Maglaras, Leandros and Wang, Xiaochan},
  journal={IEEE/CAA Journal of Automatica Sinica}, 
  title={Internet of Things for the Future of Smart Agriculture: A Comprehensive Survey of Emerging Technologies}, 
  year={2021},
  volume={8},
  number={4},
  pages={718-752},
  doi={10.1109/JAS.2021.1003925}
}

@article{e47335bdec694548b75225d317700e43,
    title = "Selective Harvesting Robotics: Current Research, Trends, and Future Directions",
    author = "Gert Kootstra and Xin Wang and Blok, {Pieter M.} and Jochen Hemming and {Van Henten}, Eldert",
    year = "2021",
    month = mar,
    doi = "10.1007/s43154-020-00034-1",
    language = "English",
    volume = "2",
    pages = "95--104",
    journal = "Current Robotics Reports",
    issn = "2662-4087",
    publisher = "Springer",
    number = "1",
}

@article{DutchCost,
    author = {Bac, C. Wouter and van Henten, Eldert J. and Hemming, Jochen and Edan, Yael},
    title = {Harvesting Robots for High-value Crops: State-of-the-art Review and Challenges Ahead},
    journal = {Journal of Field Robotics},
    volume = {31},
    number = {6},
    pages = {888-911},
    doi = {https://doi.org/10.1002/rob.21525},
    url = {https://onlinelibrary.wiley.com/doi/abs/10.1002/rob.21525},
    eprint = {https://onlinelibrary.wiley.com/doi/pdf/10.1002/rob.21525},
    year = {2014}
}


@article{CostOrange,
    title = {Orange Harvesting Systems Review},
    journal = {Biosystems Engineering},
    volume = {90},
    number = {2},
    pages = {115-125},
    year = {2005},
    issn = {1537-5110},
    doi = {https://doi.org/10.1016/j.biosystemseng.2004.10.006},
    url = {https://www.sciencedirect.com/science/article/pii/S1537511004001977},
    author = {K.F. Sanders}
}

@article{GroundAndAerial,
    author = {Pitla, Santosh and Bajwa, Sreekala and Bhusal, Santosh and Brumm, Tom and Brown-Brandl, Tami and Buckmaster, Dennis and Condotta, Isabella and Fulton, John and Janzen, Todd and Karkee, Manoj and Lopez, Mario and Moorhead, Robert and Sama, Michael and Schumacher, Leon and Shearer, Scott and Thomasson, J.},
    year = {2020},
    month = {01},
    pages = {},
    title = {Ground and Aerial Robots for Agricultural Production: Opportunities and Challenges}
}

@article{RobotInHarvesting,
    author = {Bac, C. Wouter and van Henten, Eldert J. and Hemming, Jochen and Edan, Yael},
    title = {Harvesting Robots for High-value Crops: State-of-the-art Review and Challenges Ahead},
    journal = {Journal of Field Robotics},
    volume = {31},
    number = {6},
    pages = {888-911},
    doi = {https://doi.org/10.1002/rob.21525},
    url = {https://onlinelibrary.wiley.com/doi/abs/10.1002/rob.21525},
    eprint = {https://onlinelibrary.wiley.com/doi/pdf/10.1002/rob.21525},
    year = {2014}
}


@article{robotics10020052,
    author = {Oliveira, Luiz F. P. and Moreira, António P. and Silva, Manuel F.},
    title = {Advances in Agriculture Robotics: A State-of-the-Art Review and Challenges Ahead},
    journal = {Robotics},
    volume = {10},
    year = {2021},
    number = {2},
    article-number = {52},
    url = {https://www.mdpi.com/2218-6581/10/2/52},
    issn = {2218-6581},
    doi = {10.3390/robotics10020052}
}






@article{info10110349,
    author = {Tsouros, Dimosthenis C. and Bibi, Stamatia and Sarigiannidis, Panagiotis G.},
    title = {A Review on UAV-Based Applications for Precision Agriculture},
    journal = {Information},
    volume = {10},
    year = {2019},
    number = {11},
    article-number = {349},
    url = {https://www.mdpi.com/2078-2489/10/11/349},
    issn = {2078-2489},
    doi = {10.3390/info10110349}
}





@article{HAFEEZ2022,
    title = {Implementation of drone technology for farm monitoring & pesticide spraying: A review},
    journal = {Information Processing in Agriculture},
    year = {2022},
    issn = {2214-3173},
    doi = {https://doi.org/10.1016/j.inpa.2022.02.002},
    url = {https://www.sciencedirect.com/science/article/pii/S2214317322000087},
    author = {Abdul Hafeez and Mohammed Aslam Husain and S.P. Singh and Anurag Chauhan and Mohd. Tauseef Khan and Navneet Kumar and Abhishek Chauhan and S.K. Soni},
    keywords = {Unmanned Aerial Vehicle, Agriculture drone, Pesticide spraying, Crop monitoring, Precision agriculture}
}

@article{
    9316211,  
    author={Reddy Maddikunta, Praveen Kumar and Hakak, Saqib and Alazab, Mamoun and Bhattacharya, Sweta and Gadekallu, Thippa Reddy and Khan, Wazir Zada and Pham, Quoc-Viet},  
    journal={IEEE Sensors Journal},   
    title={Unmanned Aerial Vehicles in Smart Agriculture: Applications, Requirements, and Challenges},   
    year={2021},  
    volume={21},  
    number={16},  
    pages={17608-17619},  
    doi={10.1109/JSEN.2021.3049471}
}

@article{BARTH2018284,
    title = {Data synthesis methods for semantic segmentation in agriculture: A Capsicum annuum dataset},
    journal = {Computers and Electronics in Agriculture},
    volume = {144},
    pages = {284-296},
    year = {2018},
    issn = {0168-1699},
    doi = {https://doi.org/10.1016/j.compag.2017.12.001},
    url = {https://www.sciencedirect.com/science/article/pii/S0168169917305689},
    author = {R. Barth and J. IJsselmuiden and J. Hemming and E.J. Van Henten},
    keywords = {Synthetic dataset, Semantic segmentation, 3D modelling, Agriculture, Robotics},
}


@article{agriculture12081240,
    author = {Vrochidou, Eleni and Tsakalidou, Viktoria Nikoleta and Kalathas, Ioannis and Gkrimpizis, Theodoros and Pachidis, Theodore and Kaburlasos, Vassilis G.},
    title = {An Overview of End Effectors in Agricultural Robotic Harvesting Systems},
    journal = {Agriculture},
    volume = {12},
    year = {2022},
    number = {8},
    article-number = {1240},
    url = {https://www.mdpi.com/2077-0472/12/8/1240},
    issn = {2077-0472},
    doi = {10.3390/agriculture12081240}
}




@article{BARTH201926,
    title = {Angle estimation between plant parts for grasp optimisation in harvest robots},
    journal = {Biosystems Engineering},
    volume = {183},
    pages = {26-46},
    year = {2019},
    issn = {1537-5110},
    doi = {https://doi.org/10.1016/j.biosystemseng.2019.04.006},
    url = {https://www.sciencedirect.com/science/article/pii/S1537511018312716},
    author = {Ruud Barth and Jochen Hemming and Eldert J. {Van Henten}},
    keywords = {Agriculture, Robotics, Computer vision, Semantic segmentation, Angle estimation}
}
@article{Stentz2002,
    author={Stentz, Anthony
    and Dima, Cristian
    and Wellington, Carl
    and Herman, Herman
    and Stager, David},
    title={A System for Semi-Autonomous Tractor Operations},
    journal={Autonomous Robots},
    year={2002},
    month={Jul},
    day={01},
    volume={13},
    number={1},
    pages={87-104},
    issn={1573-7527},
    doi={10.1023/A:1015634322857},
    url={https://doi.org/10.1023/A:1015634322857}
}

@misc{DronesNavigation,
  doi = {10.48550/ARXIV.2104.00302},
  url = {https://arxiv.org/abs/2104.00302},
  author = {Xianjia, Yu and Qingqing, Li and Queralta, Jorge Pena and Heikkonen, Jukka and Westerlund, Tomi},
  keywords = {Robotics (cs.RO), FOS: Computer and information sciences, FOS: Computer and information sciences},
  title = {Cooperative UWB-Based Localization for Outdoors Positioning and Navigation of UAVs aided by Ground Robots},
  publisher = {arXiv},
  year = {2021}, 
  copyright = {arXiv.org perpetual, non-exclusive license}
}


@book{thrun2005probabilistic,
  abstract = {Probablistic robotics is a growing area in the subject, concerned with perception and control in the face of uncertainty and giving robots a level of robustness in real-world situations. This book introduces techniques and algorithms in the field.},
  added-at = {2015-10-22T23:05:09.000+0200},
  address = {Cambridge, Mass.},
  author = {Thrun, Sebastian and Burgard, Wolfram and Fox, Dieter},
  biburl = {https://www.bibsonomy.org/bibtex/20036a214b3d6de590e4a46d136f9c264/stumme},
  description = {Probabilistic Robotics Intelligent Robotics and Autonomous Agents: Amazon.de: Sebastian Thrun, Wolfram Burgard, Dieter Fox: Bücher},
  interhash = {4a9ca1ce81d73897e53edfcb8d9c16b2},
  intrahash = {0036a214b3d6de590e4a46d136f9c264},
  isbn = {0262201623 9780262201629},
  keywords = {SLAM localisation mapping robot topoi},
  publisher = {MIT Press},
  refid = {58451645},
  timestamp = {2015-10-22T23:05:09.000+0200},
  title = {Probabilistic robotics},
  url = {http://www.amazon.de/gp/product/0262201623/102-8479661-9831324?v=glance&n=283155&n=507846&s=books&v=glance},
  year = 2005
}




@article{BLOK2019261,
    title = {Robot navigation in orchards with localization based on Particle filter and Kalman filter},
    journal = {Computers and Electronics in Agriculture},
    volume = {157},
    pages = {261-269},
    year = {2019},
    issn = {0168-1699},
    doi = {https://doi.org/10.1016/j.compag.2018.12.046},
    url = {https://www.sciencedirect.com/science/article/pii/S0168169918315230},
    author = {Pieter M. Blok and Koen {van Boheemen} and Frits K. {van Evert} and Joris IJsselmuiden and Gook-Hwan Kim},
    keywords = {Probabilistic localization, Autonomous robot navigation, Particle filter, Kalman filter, Orchard},
}

@article{Guo2018,
    author={Guo, Jing
    and Li, Xingxing
    and Li, Zhenhong
    and Hu, Leyin
    and Yang, Guijun
    and Zhao, Chunjiang
    and Fairbairn, David
    and Watson, David
    and Ge, Maorong},
    title={Multi-GNSS precise point positioning for precision agriculture},
    journal={Precision Agriculture},
    year={2018},
    month={Oct},
    day={01},
    volume={19},
    number={5},
    pages={895-911},
    issn={1573-1618},
    doi={10.1007/s11119-018-9563-8},
    url={https://doi.org/10.1007/s11119-018-9563-8}
}


@inproceedings{8250079,
    author={Dotlic, Igor and Connell, Andrew and Ma, Hang and Clancy, Jeff and McLaughlin, Michael},
    booktitle={2017 14th Workshop on Positioning, Navigation and Communications (WPNC)}, 
    title={Angle of arrival estimation using decawave DW1000 integrated circuits}, 
    year={2017},
    volume={},
    number={},
    pages={1-6},
    doi={10.1109/WPNC.2017.8250079}
}


@misc{AppliedEstimation,
  author={John Folkesson},
  title = {{EL2320}, {Applied} {Estimation}},
  howpublished = {\url{https://www.kth.se/student/kurser/kurs/FEL3320?l=en}},
  year = {2023},
  note = {Accessed: {2023–01-04}}
}

@patent{patent,
    author = {Michael McLaughlin, Gavin Marrow, Igor Dotlic},
    title = {Method and apparatus for determining location using phase difference of arrival},
    year = {2022},
    url = {https://patents.google.com/patent/US11215704B2/en}
}


@article{s17112579,
    author = {Kragh, Mikkel Fly and Christiansen, Peter and Laursen, Morten Stigaard and Larsen, Morten and Steen, Kim Arild and Green, Ole and Karstoft, Henrik and Jørgensen, Rasmus Nyholm},
    title = {FieldSAFE: Dataset for Obstacle Detection in Agriculture},
    journal = {Sensors},
    volume = {17},
    year = {2017},
    number = {11},
    article-number = {2579},
    url = {https://www.mdpi.com/1424-8220/17/11/2579},
    issn = {1424-8220},
    doi = {10.3390/s17112579}
}


@inproceedings{10.1007/978-3-319-08338-4_25,
    author="Moore, Thomas
    and Stouch, Daniel",
    editor="Menegatti, Emanuele
    and Michael, Nathan
    and Berns, Karsten
    and Yamaguchi, Hiroaki",
    title="A Generalized Extended Kalman Filter Implementation for the Robot Operating System",
    booktitle="Intelligent Autonomous Systems 13",
    year="2016",
    publisher="Springer International Publishing",
    address="Cham",
    pages="335--348",
}


@misc{trimble,
  author = {Trimble},
  title = {Trimble BD982 product},
  publisher = {Trimble Inc.},
  url = {https://oemgnss.trimble.com/product/trimble-bd982/},
  note = {accessed January 9, 2023}
}


@misc{wasoft,
  author = {wasoft.de},
  title = {Introduction to Network RTK},
  publisher = {wasoft.de},
  url = {http://www.wasoft.de/e/iagwg451/intro/introduction.html},
  note = {accessed January 9, 2023}
}








